<?xml version="1.0" encoding="UTF-8"?>
<record xmlns="http://www.loc.gov/MARC21/slim">
   <leader>00961cam a2200265Ia 4500</leader>
   <controlfield tag="001">7010935</controlfield>
   <controlfield tag="003">NjP</controlfield>
   <controlfield tag="005">20190423191454.0</controlfield>
   <controlfield tag="008">870521s1927    ua            000 0 arar </controlfield>
   <datafield tag="024" ind1="7" ind2=" ">
      <subfield code="a">princeton_aco003658</subfield>
      <subfield code="2">local</subfield>
   </datafield>
   <datafield ind1=" " ind2=" " tag="035">
      <subfield code="a">(OCoLC)ocm15721949</subfield>
   </datafield>
   <datafield ind1=" " ind2=" " tag="035">
      <subfield code="a">7010935</subfield>
   </datafield>
   <datafield ind1=" " ind2=" " tag="066">
      <subfield code="c">(3</subfield>
   </datafield>
   <datafield ind1=" " ind2=" " tag="035">
      <subfield code="a">(OCoLC)15721949</subfield>
   </datafield>
   <datafield ind1=" " ind2=" " tag="050">
      <subfield code="a">D25</subfield>
      <subfield code="b">.K47 1927</subfield>
   </datafield>
   <datafield ind1=" " ind2=" " tag="049">
      <subfield code="a">PULL</subfield>
   </datafield>
   <datafield ind1="1" ind2=" " tag="100">
      <subfield code="6">880-01</subfield>
      <subfield code="a">Khabbāz, Ḥannā.</subfield>
   </datafield>
   <datafield ind1="1" ind2="3" tag="245">
      <subfield code="6">880-02</subfield>
      <subfield code="a">al-Maʻārik al-fāṣilah fī al-tārīkh /</subfield>
      <subfield code="c">taʻlīf Ḥannā Khabbāz.</subfield>
   </datafield>
   <datafield ind1=" " ind2=" " tag="260">
      <subfield code="6">880-03</subfield>
      <subfield code="a">Miṣr :</subfield>
      <subfield code="b">Idārat al-Hilāl,</subfield>
      <subfield code="c">1927.</subfield>
   </datafield>
   <datafield ind1=" " ind2=" " tag="300">
      <subfield code="a">216 p. :</subfield>
      <subfield code="b">maps, ports. ;</subfield>
      <subfield code="c">20 cm.</subfield>
   </datafield>
   <datafield ind1=" " ind2="0" tag="650">
      <subfield code="a">Battles.</subfield>
      <subfield code="0">http://id.loc.gov/authorities/subjects/sh85012434</subfield>
   </datafield>
   <datafield ind1="1" ind2=" " tag="880">
      <subfield code="6">100-01/(3/r</subfield>
      <subfield code="a">خباز، حنا.</subfield>
   </datafield>
   <datafield ind1="1" ind2="2" tag="880">
      <subfield code="6">245-02/(3/r</subfield>
      <subfield code="a">المعارك الفاصلة في التاريخ /</subfield>
      <subfield code="c">تعليف حنا خباز.</subfield>
   </datafield>
   <datafield ind1=" " ind2=" " tag="880">
      <subfield code="6">260-03/(3/r</subfield>
      <subfield code="a">مصر :</subfield>
      <subfield code="b">ادارة الهلال،</subfield>
      <subfield code="c">1927.</subfield>
   </datafield>
   <datafield ind1=" " ind2=" " tag="994">
      <subfield code="a">C0</subfield>
      <subfield code="b">PUL</subfield>
   </datafield>
   <datafield ind1=" " ind2=" " tag="904">
      <subfield code="a">jab</subfield>
      <subfield code="b">g</subfield>
      <subfield code="h">n</subfield>
      <subfield code="c">b</subfield>
      <subfield code="e">20120308</subfield>
   </datafield>
   <datafield ind1=" " ind2=" " tag="902">
      <subfield code="a">jab</subfield>
      <subfield code="b">o</subfield>
      <subfield code="d">v</subfield>
      <subfield code="f">1</subfield>
      <subfield code="e">20120308</subfield>
   </datafield>
   <datafield ind1="0" ind2=" " tag="852">
      <subfield code="0">6898319</subfield>
      <subfield code="b">rcppa</subfield>
      <subfield code="h">D25</subfield>
      <subfield code="i">.K47 1927</subfield>
   </datafield>
   <datafield ind1=" " ind2=" " tag="959">
      <subfield code="a">2012-03-08 13:28:32 -0400</subfield>
   </datafield>
</record>
